@article{19,
author={Mathan,K. and Priyan,Malarvizhi K. and Panchatcharam, Parthasarathy and Manogaran,Gunasekaran and Varadharajan,R.},
year={2018},
title={A novel Gini index decision tree data mining method with neural network classifiers for prediction of heart disease},
journal={Design Automation for Embedded Systems},
volume={22},
number={3},
pages={225-242},
isbn={09295585},
language={English},
url={https://search-proquest-com.ezproxy.lib.monash.edu.au/docview/2092572558?accountid=12528},
}

@article{20,
author={Mustafa,G. and Saeed and Yaser A. and Jasim},
year={2018},
title={Developing a Software for Diagnosing Heart Disease via Data Mining Techniques},
journal={Advances in Distributed Computing and Artificial Intelligence Journal},
volume={7},
number={3},
pages={99-114}
}

@article{21,
author={ShamanthDL,ShamanthD L. and Sudhakar and reddy,Vikesh and Nishchay,M. and Banu,Sohara},
year={2020},
month={05},
title={HEART DISEASE PREDICTION USING DATA MINING},
journal={International Journal of Advanced Research in Computer Science},
volume={11},
pages={126-130}
}

@article{22,
author = {Bashir, Saba and Qamar, Usman and Khan, Farhan Hassan},
year = {2106},
ISSN = {08247935},
journal = {Computational Intelligence},
number = {4}, Pages = {615 - 645}, Title = {A MULTICRITERIA WEIGHTED VOTE-BASED CLASSIFIER ENSEMBLE FOR HEART DISEASE PREDICTION.},
volume = {32}
}

@article{23,
author = {Jha, Sunil Kr. and Pan, Zhaoqing and Elahi, Ehsan and Patel, Nilesh},
ISSN = {02664720},
journal = {Expert Systems},
number = {1},
pages = {N.PAG},
title = {A comprehensive search for expert classification methods in disease diagnosis and prediction.},
volume = {36},
year = {2019}
}

@article{24,
author = {Gupta, Nishant and Ahuja, Naman and Malhotra, Shikhar and Bala, Anju and Kaur, Gurleen},
ISSN = {02664720},
journal = {Expert Systems},
number = {3},
title = {Intelligent heart disease prediction in cloud environment through ensembling.},
volume = {34},
year = {2017}
}

@article{25,
author={Mustafa,Jan and Awan,Akber A. and Khalid,Muhammad S. and Nisar,Salman},
year={2018},
title={Ensemble approach for developing a smart heart disease prediction system using classification algorithms},
journal={Research Reports in Clinical Cardiology},
volume={9},
pages={33-45}
}
@article{26,
author={Krishnaiah, V.
and Narsimha, G.
and Chandra, N. Subhash",
editor="Satapathy, Suresh Chandra
and Govardhan, A.
and Raju, K. Srujan
and Mandal, J. K.},
year={2015},
title={Heart Disease Prediction System Using Data Mining Technique by Fuzzy K-NN Approach}
}
@article{27,
author={Tarawneh, Monther
and Embarak, Ossama",
editor="Barolli, Leonard
and Xhafa, Fatos
and Khan, Zahoor Ali
and Odhabi, Hamad},
year={2019},
title={Hybrid Approach for Heart Disease Prediction Using Data Mining Techniques}
publisher={Springer International Publishing}
}

@article{28,
author={Tougui, I. and Jilbab, A. and ElMhamdi, J.},
year={2020},
title={Heart disease classification using data mining tools and machine learning techniques},
journal={Health Technology},
publisher={Springer}
}

@article{29,
Author={Dwivedi, A.},
Year={2018},
Title={Performance evaluation of different machine learning techniques for prediction of heart disease},
Journal={Neural Computing and Applications},
Volume={29},
Number={10}
Pages={685-693},
Language={English},
URL = {https://doi.org/10.1007/s00521-016-2604-1}
}

@article{30,
Author={Ayatollahi1, H. and Gholamhosseini, L. and Salehi, M.},
Year={2019},
Title={Predicting coronary artery disease: a comparison between two data mining algorithms},
Journal={BMC Public Health},
Volume={19},
URL = {https://doi.org/10.1186/s12889-019-6721-5}
}

@article{31,
Author={Vijayashree, J., Sultana, H.P.},
Year={2018},
Title={A Machine Learning Framework for Feature Selection in Heart Disease Classification Using Improved Particle Swarm Optimization with Support Vector Machine Classifier},
Journal={Program Comput Sof},
Volume={44},
Number={6},
Pages={388-397},
URL = {https://doi.org/10.1186/s12889-019-6721-5}
}


@article{32,
author={Dinesh, K. and Arumugaraj, M.},
title={Prediction of Cardiovascular Disease Using Machine Learning Algorithms}, 
year={2018}
}

@article{1,
Author={Mohan, S. and Thirumalai, C. and Srivastava, G.},
Year={2019},
Title={Effective Heart Disease Prediction Using Hybrid Machine Learning Techniques},
Publisher={IEEE}
}

@article{2,
Author={Shamsollahi, M. and Badiee, A. and Ghazanfari, M.},
Year={2019},
Title={Using Combined Descriptive and Predictive Methods of Data Mining for Coronary Artery Disease Prediction: a Case Study Approach},
Journal={Journal of AI and Data Mining},
Volume={7},
Pages={47-58},
Language={English},
}

@article{8,
Author={Bohacik, J. and Zábovský, M.},
Year={2019},
Title={Discretization for Naive Bayes taking the specifics of heart data into account},
Journal={Journal of information and organizational sciences},
Volume={43},
Pages={1-14},
Language={English},
}

@article{16,
Author={Arabasadi, Z. and Alizadehsani, R. and Roshanzamir, M. and Moosaei, H. and Yarifard, A. },
Year={2017},
Title={Computer aided decision making for heart disease detection using hybrid neural network-Genetic algorithm},
Journal={Computer Methods And Programs In Biomedicine},
Volume={141},
Pages={19-26},
Language={English},
doi={10.1016/j.cmpb.2017.01.004},
}

@article{17,
Author={Amin, M. and Chiam, Y. and Varathan, K. },
Year={2019},
Title={Identification of significant features and data mining techniques in predicting heart disease },
Journal={ Telematics And Informatics },
Volume={36},
Pages={82-93},
Language={English},
doi={ 10.1016/j.tele.2018.11.007 },
}
